@misc{numentahome,
  title={Home page, Numenta Inc, 2007},
  author={Numenta, Numenta HTM}
}
@article{busemeyer2002survey,
  title={Survey of decision field theory},
  author={Busemeyer, Jerome R and Diederich, Adele},
  journal={Mathematical Social Sciences},
  volume={43},
  number={3},
  pages={345--370},
  year={2002},
  publisher={Elsevier}
}
@book{pinker2011better,
  title={The better angels of our nature: The decline of violence in history and its causes},
  author={Pinker, Steven},
  year={2011},
  publisher={Penguin uk}
}
