@misc{numentahome,
  title={Home page, Numenta Inc, 2007},
  author={Numenta, Numenta HTM}
}
