@misc{numentahome,
  title={Home page, Numenta Inc, 2007},
  author={Numenta, Numenta HTM}
}
@article{busemeyer2002survey,
  title={Survey of decision field theory},
  author={Busemeyer, Jerome R and Diederich, Adele},
  journal={Mathematical Social Sciences},
  volume={43},
  number={3},
  pages={345--370},
  year={2002},
  publisher={Elsevier}
}
